<?xml version="1.0" encoding="UTF-8"?><collection xmlns="http://www.loc.gov/MARC21/slim"><record><leader>00583nam--2200193-u-4500</leader><controlfield tag="001">000050685</controlfield><controlfield tag="002">20161230</controlfield><controlfield tag="005">20161230201048</controlfield><controlfield tag="008">080312s1000------------r-----000-0-eng-d</controlfield><datafield ind1=" " ind2=" " tag="020"><subfield code="a">9780748408993</subfield></datafield><datafield ind1=" " ind2=" " tag="040"><subfield code="a">IFIN-HH</subfield></datafield><datafield ind1=" " ind2=" " tag="080"><subfield code="a">681.5:530.14:577</subfield></datafield><datafield ind1="1" ind2=" " tag="100"><subfield code="a">Calude, Cristian S</subfield></datafield><datafield ind1="1" ind2="0" tag="245"><subfield code="a">Computing with Cells and Atoms</subfield><subfield code="b">An Introduction to Quantum, DNA and Membrane Computing</subfield><subfield code="c">Cristioan S. Calude; Gheorghe Paun</subfield></datafield><datafield ind1=" " ind2=" " tag="260"><subfield code="a">New York</subfield><subfield code="b">Taylor and Francis</subfield><subfield code="c">2002</subfield></datafield><datafield ind1=" " ind2=" " tag="504"><subfield code="a">Includes Index</subfield></datafield><datafield ind1="1" ind2=" " tag="700"><subfield code="a">Paun, Gheorghe</subfield></datafield><datafield ind1=" " ind2=" " tag="852"><subfield code="c">001.2</subfield></datafield><datafield ind1=" " ind2=" " tag="CAT"><subfield code="a">Sys</subfield><subfield code="c">20110104</subfield><subfield code="h">155105</subfield></datafield></record></collection>